@inproceedings{[1]agustsson2017ntire,
  title={Ntire 2017 challenge on single image super-resolution: Dataset and study},
  author={Eirikur Agustsson and Radu Timofte},
  booktitle={IEEE Conference on Computer Vision and Pattern Recognition (CVPR) Workshops},
  year={2017},
  pages={6}
}

@inproceedings{[2]ahn2018fast,
  title={Fast, accurate, and lightweight super-resolution with cascading residual network},
  author={Namhyuk Ahn and Byungkon Kang and Kyung-Ah Sohn},
  booktitle={Computer Vision - ECCV 2018 - 15th European Conference},
  year={2018},
  pages={256--272},
  publisher={Springer}
}

@inproceedings{[3]ahn2018fast_eccv,
  title={Fast, accurate, and lightweight super-resolution with cascading residual network},
  author={Namhyuk Ahn and Byungkon Kang and Kyung-Ah Sohn},
  booktitle={Proceedings of the European Conference on Computer Vision (ECCV)},
  year={2018},
  pages={252--268}
}

@article{[4]bevilacqua2012low,
  title={Low-complexity single-image super-resolution based on nonnegative neighbor embedding},
  author={Marco Bevilacqua and Aline Roumy and Christine Guillemot and Marie Line Alberi-Morel},
  year={2012},
  pages={6}
}

@inproceedings{[5]cao2022learning,
  title={Learning prior feature and attention enhanced image inpainting},
  author={Chenjie Cao and Qiaole Dong and Yanwei Fu},
  booktitle={European Conference on Computer Vision},
  year={2022},
  pages={306--322},
  publisher={Springer}
}

@inproceedings{[6]cao2023ciaosr,
  title={Ciaosr: Continuous implicit attention-in-attention network for arbitrary-scale image super-resolution},
  author={Jiezhang Cao and Qin Wang and Yongqin Xian and Yawei Li and Bingbing Ni and Zhiming Pi and Kai Zhang and Yulun Zhang and Radu Timofte and Luc Van Gool},
  booktitle={Proceedings of the IEEE/CVF Conference on Computer Vision and Pattern Recognition},
  year={2023},
  pages={1796--1807}
}

@inproceedings{[7]choe2019attention,
  title={Attention-based dropout layer for weakly supervised object localization},
  author={Junsuk Choe and Hyunjung Shim},
  booktitle={Proceedings of the IEEE/CVF Conference on Computer Vision and Pattern Recognition},
  year={2019},
  pages={2219--2228}
}

@inproceedings{[8]choi2023ngram,
  title={N-gram in swin transformers for efficient lightweight image super-resolution},
  author={Haram Choi and Jeongmin Lee and Jihoon Yang},
  booktitle={Proceedings of the IEEE/CVF Conference on Computer Vision and Pattern Recognition},
  year={2023},
  pages={2071--2081}
}

@inproceedings{[9]ding2021repvgg,
  title={Repvgg: Making vgg-style convnets great again},
  author={Xiaohan Ding and Xiangyu Zhang and Ningning Ma and Jungong Han and Guiguang Ding and Jian Sun},
  booktitle={Proceedings of the IEEE/CVF Conference on Computer Vision and Pattern Recognition},
  year={2021},
  pages={13733--13742}
}

@inproceedings{[10]dong2014deep,
  title={Learning a deep convolutional network for image super-resolution},
  author={Chao Dong and Chen Change Loy and Kaiming He and Xiaoou Tang},
  booktitle={Computer Vision - ECCV 2014 - 13th European Conference, Zurich, Switzerland, September 6-12, 2014, Proceedings, Part IV},
  year={2014},
  pages={184--199},
  publisher={Springer}
}

@inproceedings{[11]dong2014deep_eccv,
  title={Learning a deep convolutional network for image super-resolution},
  author={Chao Dong and Chen Change Loy and Kaiming He and Xiaoou Tang},
  booktitle={Computer Visionâ€“ECCV 2014: 13th European Conference, Zurich, Switzerland, September 6-12, 2014, Proceedings, Part IV 13},
  year={2014},
  pages={184--199},
  publisher={Springer}
}

@inproceedings{[12]dong2016accelerating,
  title={Accelerating the super-resolution convolutional neural network},
  author={Chao Dong and Chen Change Loy and Xiaoou Tang},
  booktitle={Computer Vision - ECCV 2016 - 14th European Conference, Amsterdam, The Netherlands, October 11-14, 2016, Proceedings, Part II},
  year={2016},
  pages={391--407},
  publisher={Springer}
}

@article{[13]du2022parameter,
  title={Parameter-free similarity-aware attention module for medical image classification and segmentation},
  author={Jie Du and Kai Guan and Yanhong Zhou and Yuanman Li and Tianfu Wang},
  journal={IEEE Transactions on Emerging Topics in Computational Intelligence},
  year={2022}
}

@article{[14]gao2021feature,
  title={Feature distillation interaction weighting network for lightweight image super-resolution},
  author={Guangwei Gao and Wenjie Li and Juncheng Li and Fei Wu and Huimin Lu and Yi Yu},
  journal={CoRR},
  volume={abs/2112.08655},
  year={2021}
}

@inproceedings{[15]gao2022aiatrack,
  title={Aiatrack: Attention in attention for transformer visual tracking},
  author={Shenyuan Gao and Chunluan Zhou and Chao Ma and Xinggang Wang and Junsong Yuan},
  booktitle={European Conference on Computer Vision},
  year={2022},
  pages={146--164},
  publisher={Springer}
}

@inproceedings{[16]genitha2010super,
  title={Super resolution mapping of satellite images using hopfield neural networks},
  author={C Heltin Genitha and K Vani},
  booktitle={Recent Advances in Space Technology Services and Climate Change 2010 (RSTS \& CC-2010)},
  year={2010},
  pages={114--118},
  publisher={IEEE}
}

@inproceedings{[17]haase2020rethinking,
  title={Rethinking depthwise separable convolutions: How intra-kernel correlations lead to improved mobilenets},
  author={Daniel Haase and Manuel Amthor},
  booktitle={Proceedings of the IEEE/CVF Conference on Computer Vision and Pattern Recognition},
  year={2020},
  pages={14600--14609}
}

@inproceedings{[18]huang2015single,
  title={Single image super-resolution from transformed self-exemplars},
  author={Jia-Bin Huang and Abhishek Singh and Narendra Ahuja},
  booktitle={Proceedings of the IEEE Conference on Computer Vision and Pattern Recognition},
  year={2015},
  pages={5197--5206}
}

@inproceedings{[19]hui2019lightweight,
  title={Lightweight image super-resolution with information multi-distillation network},
  author={Zheng Hui and Xinbo Gao and Yunchu Yang and Xiumei Wang},
  booktitle={Proceedings of the 27th ACM International Conference on Multimedia, MM 2019, Nice, France, October 21-25, 2019},
  year={2019},
  pages={2024--2032},
  publisher={ACM}
}

@inproceedings{[20]hui2019lightweight_acm,
  title={Lightweight image super-resolution with information multi-distillation network},
  author={Zheng Hui and Xinbo Gao and Yunchu Yang and Xiumei Wang},
  booktitle={Proceedings of the 27th ACM International Conference on Multimedia},
  year={2019},
  pages={2024--2032}
}

@article{[21]innamorati2020learning,
  title={Learning on the edge: Investigating boundary filters in cnns},
  author={Carlo Innamorati and Tobias Ritschel and Tim Weyrich and Niloy J Mitra},
  journal={International Journal of Computer Vision},
  volume={128},
  pages={773--782},
  year={2020}
}

@inproceedings{[22]jang2022glamd,
  title={Glamd: Global and local attention mask distillation for object detectors},
  author={Younho Jang and Wheemyung Shin and Jinbeom Kim and Simon Woo and Sung-Ho Bae},
  booktitle={European Conference on Computer Vision},
  year={2022},
  pages={460--476},
  publisher={Springer}
}

@inproceedings{[23]kim2016deeply,
  title={Deeply-recursive convolutional network for image super-resolution},
  author={Jiwon Kim and Jung Kwon Lee and Kyoung Mu Lee},
  booktitle={2016 IEEE Conference on Computer Vision and Pattern Recognition, CVPR 2016, Las Vegas, NV, USA, June 27-30, 2016},
  year={2016},
  pages={1637--1645},
  publisher={IEEE Computer Society}
}

@inproceedings{[24]kim2016accurate,
  title={Accurate image super-resolution using very deep convolutional networks},
  author={Jiwon Kim and Jung Kwon Lee and Kyoung Mu Lee},
  booktitle={2016 IEEE Conference on Computer Vision and Pattern Recognition, CVPR 2016, Las Vegas, NV, USA, June 27-30, 2016},
  year={2016},
  pages={1646--1654},
  publisher={IEEE Computer Society}
}

@inproceedings{[25]kim2016deeply_recursive,
  title={Deeply-recursive convolutional network for image super-resolution},
  author={Jiwon Kim and Jung Kwon Lee and Kyoung Mu Lee},
  booktitle={Proceedings of the IEEE Conference on Computer Vision and Pattern Recognition},
  year={2016},
  pages={1637--1645}
}

@article{[26]kingma2014adam,
  title={Adam: A method for stochastic optimization},
  author={Diederik P Kingma and Jimmy Ba},
  journal={arXiv preprint arXiv:1412.6980},
  year={2014}
}

@inproceedings{[27]kong2022residual,
  title={Residual local feature network for efficient super-resolution},
  author={Fangyuan Kong and Mingxi Li and Songwei Liu and Ding Liu and Jingwen He and Yang Bai and Fangmin Chen and Lean Fu},
  booktitle={Proceedings of the IEEE/CVF Conference on Computer Vision and Pattern Recognition},
  year={2022},
  pages={766--776}
}

@inproceedings{[28]lai2017deep,
  title={Deep laplacian pyramid networks for fast and accurate super-resolution},
  author={Wei-Sheng Lai and Jia-Bin Huang and Narendra Ahuja and Ming-Hsuan Yang},
  booktitle={2017 IEEE Conference on Computer Vision and Pattern Recognition, CVPR 2017, Honolulu, HI, USA, July 21-26, 2017},
  year={2017},
  pages={5835--5843},
  publisher={IEEE Computer Society}
}

@inproceedings{[29]lee2022knn,
  title={Knn local attention for image restoration},
  author={Hunsang Lee and Hyesong Choi and Kwanghoon Sohn and Dongbo Min},
  booktitle={Proceedings of the IEEE/CVF Conference on Computer Vision and Pattern Recognition},
  year={2022},
  pages={2139--2149}
}

@inproceedings{[30]li2020lapar,
  title={Lapar: Linearly-assembled pixel-adaptive regression network for single image super-resolution and beyond},
  author={Wenbo Li and Kun Zhou and Lu Qi and Nianjuan Jiang and Jiangbo Lu and Jiaya Jia},
  booktitle={NeurIPS},
  year={2020},
  pages={20343--20355}
}

@inproceedings{[31]li2023lsdir,
  title={Ls-dir: A large scale dataset for image restoration},
  author={Yawei Li and Kai Zhang and Jingyun Liang and Jiezhang Cao and Ce Liu and Rui Gong and Yulun Zhang and Hao Tang and Yun Liu and Denis Demandolx and Rakesh Ranjan and Radu Timofte and Luc Van Gool},
  booktitle={Proceedings of the IEEE/CVF Conference on Computer Vision and Pattern Recognition Workshops},
  year={2023}
}

@inproceedings{[32]liang2021swinir,
  title={Swinir: Image restoration using swin transformer},
  author={Jingyun Liang and Jiezhang Cao and Guolei Sun and Kai Zhang and Luc Van Gool and Radu Timofte},
  booktitle={IEEE/CVF International Conference on Computer Vision Workshops, ICCVW 2021, Montreal, BC, Canada, October 11-17, 2021},
  year={2021},
  pages={1833--1844},
  publisher={IEEE}
}

@inproceedings{[33]lim2017enhanced,
  title={Enhanced deep residual networks for single image super-resolution},
  author={Bee Lim and Sanghyun Son and Heewon Kim and Seungjun Nah and Kyoung Mu Lee},
  booktitle={2017 IEEE Conference on Computer Vision and Pattern Recognition Workshops, CVPR Workshops 2017, Honolulu, HI, USA, July 21-26, 2017},
  year={2017},
  pages={1132--1140},
  publisher={IEEE Computer Society}
}

@inproceedings{[34]liu2020residual,
  title={Residual feature distillation network for lightweight image super-resolution},
  author={Jie Liu and Jie Tang and Gangshan Wu},
  booktitle={Computer Vision - ECCV 2020 Workshops - Glasgow, UK, August 23-28, 2020, Proceedings, Part III},
  year={2020},
  pages={41--55},
  publisher={Springer}
}

@inproceedings{[35]liu2020residual_feature,
  title={Residual feature distillation network for lightweight image super-resolution},
  author={Jie Liu and Jie Tang and Gangshan Wu},
  booktitle={Computer Visionâ€“ECCV 2020 Workshops: Glasgow, UK, August 23â€“28, 2020, Proceedings, Part III 16},
  year={2020},
  pages={41--55},
  publisher={Springer}
}

@inproceedings{[36]liu2020aggregation,
  title={Residual feature aggregation network for image super-resolution},
  author={Jie Liu and Wenjie Zhang and Yuting Tang and Jie Tang and Gangshan Wu},
  booktitle={Proceedings of the IEEE/CVF Conference on Computer Vision and Pattern Recognition},
  year={2020},
  pages={2359--2368}
}

@inproceedings{[37]liu2005hallucinating,
  title={Hallucinating faces: Tensorpatch super-resolution and coupled residue compensation},
  author={Wei Liu and Dahua Lin and Xiaoou Tang},
  booktitle={2005 IEEE Computer Society Conference on Computer Vision and Pattern Recognition (CVPRâ€™05)},
  year={2005},
  pages={478--484},
  publisher={IEEE}
}

@inproceedings{[38]luo2020latticenet,
  title={Latticenet: Towards lightweight image super-resolution with lattice block},
  author={Xiaotong Luo and Yuan Xie and Yulun Zhang and Yanyun Qu and Cuihua Li and Yun Fu},
  booktitle={Computer Visionâ€“ECCV 2020: 16th European Conference, Glasgow, UK, August 23â€“28, 2020, Proceedings, Part XXII 16},
  year={2020},
  pages={272--289},
  publisher={Springer}
}

@inproceedings{[39]ma2020structure,
  title={Structure-preserving super resolution with gradient guidance},
  author={Cheng Ma and Yongming Rao and Yean Cheng and Ce Chen and Jiwen Lu and Jie Zhou},
  booktitle={Proceedings of the IEEE/CVF Conference on Computer Vision and Pattern Recognition},
  year={2020},
  pages={7769--7778}
}

@inproceedings{[40]martin2001database,
  title={A database of human segmented natural images and its application to evaluating segmentation algorithms and measuring ecological statistics},
  author={David Martin and Charless Fowlkes and Doron Tal and Jitendra Malik},
  booktitle={Proceedings Eighth IEEE International Conference on Computer Vision. ICCV 2001},
  year={2001},
  pages={416--423},
  publisher={IEEE}
}

@article{[41]matsui2017sketch,
  title={Sketch-based manga retrieval using manga109 dataset},
  author={Yusuke Matsui and Kota Ito and Yuji Aramaki and Azuma Fujimoto and Toru Ogawa and Toshihiko Yamasaki and Kiyoharu Aizawa},
  journal={Multimedia Tools and Applications},
  volume={76},
  pages={21811--21838},
  year={2017}
}

@inproceedings{[42]muqeet2020multi,
  title={Multi-attention based ultra lightweight image super-resolution},
  author={Abdul Muqeet and Jiwon Hwang and Subin Yang and Jung Heum Kang and Yongwoo Kim and Sung-Ho Bae},
  booktitle={Computer Vision - ECCV 2020 Workshops - Glasgow, UK, August 23-28, 2020, Proceedings, Part III},
  year={2020},
  pages={103--118},
  publisher={Springer}
}

@inproceedings{[43]patel2012super,
  title={Super-resolution of hyperspectral images using compressive sensing based approach},
  author={Rakesh C Patel and MV Joshi},
  booktitle={ISPRS Annals of the Photogrammetry, Remote Sensing and Spatial Information Sciences},
  volume={1},
  pages={83--88},
  year={2012}
}

@article{[44]peeters2004use,
  title={The use of super-resolution techniques to reduce slice thickness in functional mri},
  author={Ronald R Peeters and Pierre Kornprobst and Mila Nikolova and Stefan Sunaert and Thierry Vieville and GrÃ©goire Malandain and Rachid Deriche and Olivier Faugeras and Michael Ng and Paul Van Hecke},
  journal={International Journal of Imaging Systems and Technology},
  volume={14},
  number={3},
  pages={131--138},
  year={2004}
}

@inproceedings{[45]ren2024ntire,
  title={The ninth NTIRE 2024 efficient super-resolution challenge report},
  author={Bin Ren and Yawei Li and Nancy Mehta and Radu Timofte},
  booktitle={Proceedings of the IEEE/CVF Conference on Computer Vision and Pattern Recognition (CVPR) Workshops},
  year={2024}
}

@inproceedings{[46]shi2016realtime,
  title={Real-time single image and video super-resolution using an efficient sub-pixel convolutional neural network},
  author={Wenzhe Shi and Jose Caballero and Ferenc HuszÃ¡r and Johannes Totz and Andrew P Aitken and Rob Bishop and Daniel Rueckert and Zehan Wang},
  booktitle={Proceedings of the IEEE Conference on Computer Vision and Pattern Recognition},
  year={2016},
  pages={1874--1883}
}

@article{[47]shi2023parameter,
  title={Parameter-free channel attention for image classification and super-resolution},
  author={Yuxuan Shi and Lingxiao Yang and Wangpeng An and Xiantong Zhen and Liuqing Wang},
  journal={arXiv preprint arXiv:2303.11055},
  year={2023}
}

@inproceedings{[48]singh2016super,
  title={Super resolution applications in modern digital image processing},
  author={Amanjot Singh and Jagroop Singh Sidhu},
  booktitle={International Journal of Computer Applications},
  volume={150},
  number={2},
  pages={0975--8887},
  year={2016}
}

@inproceedings{[49]sreenivas2011processing,
  title={Processing of satellite image using digital image processing},
  author={B Sreenivas and B Narasimha Chary and INDIA KARIMNAGAR},
  booktitle={A world forum on Geospatial},
  year={2011},
  pages={18--21}
}

@inproceedings{[50]sun2022shufflemixer,
  title={Shufflemixer: An efficient convnet for image super-resolution},
  author={Long Sun and Jinshan Pan and Jinhui Tang},
  booktitle={Advances in Neural Information Processing Systems},
  volume={35},
  pages={17314--17326},
  year={2022}
}

@inproceedings{[51]sun2023spatially,
  title={Spatially-adaptive feature modulation for efficient image super-resolution},
  author={Long Sun and Jiangxin Dong and Jinhui Tang and Jinshan Pan},
  booktitle={Proceedings of the IEEE/CVF International Conference on Computer Vision},
  year={2023},
  pages={4, 6, 8}
}

@inproceedings{[52]truong2022direcformer,
  title={Direcformer: A directed attention in transformer approach to robust action recognition},
  author={Thanh-Dat Truong and Quoc-Huy Bui and Chi Nhan Duong and Han-Seok Seo and Son Lam Phung and Xin Li and Khoa Luu},
  booktitle={Proceedings of the IEEE/CVF Conference on Computer Vision and Pattern Recognition},
  year={2022},
  pages={20030--20040}
}

@inproceedings{[53]wang2023omni,
  title={Omni aggregation networks for lightweight image super-resolution},
  author={Hang Wang and Xuanhong Chen and Bingbing Ni and Yutian Liu and Jinfan Liu},
  booktitle={Proceedings of the IEEE/CVF Conference on Computer Vision and Pattern Recognition},
  year={2023},
  pages={22378--22387}
}

@inproceedings{[54]wang2022repsr,
  title={Repsr: Training efficient vgg-style super-resolution networks with structural re-parameterization and batch normalization},
  author={Xintao Wang and Chao Dong and Ying Shan},
  booktitle={Proceedings of the 30th ACM International Conference on Multimedia},
  year={2022},
  pages={2556--2564}
}

@inproceedings{[55]yang2021simam,
  title={Simam: A simple, parameter-free attention module for convolutional neural networks},
  author={Lingxiao Yang and Ru-Yuan Zhang and Lida Li and Xiaohua Xie},
  booktitle={International Conference on Machine Learning},
  year={2021},
  pages={11863--11874},
  publisher={PMLR}
}

@inproceedings{[56]yu2022memory,
  title={Memory-augmented non-local attention for video super-resolution},
  author={Jiyang Yu and Jingen Liu and Liefeng Bo and Tao Mei},
  booktitle={Proceedings of the IEEE/CVF Conference on Computer Vision and Pattern Recognition},
  year={2022},
  pages={17834--17843}
}

@inproceedings{[57]yuan2009fingerprint,
  title={Fingerprint image enhancement by super resolution with early stopping},
  author={Zhi Yuan and Jiong Wu and Sei-ichiro Kamata and Alireza Ahrary and Peimin Yan},
  booktitle={2009 IEEE International Conference on Intelligent Computing and Intelligent Systems},
  year={2009},
  pages={527--531},
  publisher={IEEE}
}

@inproceedings{[58]zeyde2010single,
  title={On single image scale-up using sparse-representations},
  author={Roman Zeyde and Michael Elad and Matan Protter},
  booktitle={International Conference on Curves and Surfaces},
  year={2010},
  pages={711--730},
  publisher={Springer}
}

@inproceedings{[59]zhang2021edge,
  title={Edge-oriented convolution block for real-time super resolution on mobile devices},
  author={Xindong Zhang and Hui Zeng and Lei Zhang},
  booktitle={MM â€™21: ACM Multimedia Conference, Virtual Event, China, October 20 - 24, 2021},
  year={2021},
  pages={4034--4043},
  publisher={ACM}
}

@inproceedings{[60]zhang2018rcan,
  title={Image super-resolution using very deep residual channel attention networks},
  author={Yulun Zhang and Kunpeng Li and Kai Li and Lichen Wang and Bineng Zhong and Yun Fu},
  booktitle={Computer Vision - ECCV 2018 - 15th European Conference, Munich, Germany, September 8-14, 2018, Proceedings, Part VII},
  year={2018},
  pages={294--310},
  publisher={Springer}
}